PokerStars Hand #252488270333: Tournament #3801868996, $4.60+$0.40 USD Hold'em No Limit - Level IV (30/60) - 2024/09/16 22:03:02 ET
Table '3801868996 1' 3-max Seat #2 is the button
Seat 1: FresHHerB (932 in chips)
Seat 2: Tipatushka (568 in chips)
Tipatushka: posts small blind 30
FresHHerB: posts big blind 60
*** HOLE CARDS ***
Dealt to FresHHerB [Qs Jc]
Tipatushka: calls 30
FresHHerB: checks
*** FLOP *** [Ts 8h Ks]
FresHHerB: checks
Tipatushka: bets 60
FresHHerB: calls 60
*** TURN *** [Ts 8h Ks] [9d]
FresHHerB: checks
Tipatushka: bets 120
FresHHerB: raises 692 to 812 and is all-in
Tipatushka: calls 328 and is all-in
Uncalled bet (364) returned to FresHHerB
*** RIVER *** [Ts 8h Ks 9d] [Kc]
*** SHOW DOWN ***
FresHHerB: shows [Qs Jc] (a straight, Nine to King)
Tipatushka: shows [Tc Qh] (two pair, Kings and Tens)
FresHHerB collected 1136 from pot
Tipatushka finished the tournament in 2nd place
FresHHerB wins the tournament and receives $15.00 - congratulations!
*** SUMMARY ***
Total pot 1136 | Rake 0
Board [Ts 8h Ks 9d Kc]
Seat 1: FresHHerB (big blind) showed [Qs Jc] and won (1136) with a straight, Nine to King
Seat 2: Tipatushka (button) (small blind) showed [Tc Qh] and lost with two pair, Kings and Tens